@string{arxiv={arXiv preprint library}}
@string{bmvc={Proceedings of the British Machine Vision Conference (BMVC)}}
@string{cviu={Computer Vision and Image Understanding (CVIU)}}
@string{cvpr={Proceedings of the IEEE Conference on Computer Vision and Pattern Recognition (CVPR)}}
@string{eccv={Proceedings of the IEEE European Conference on Computer Vision (ECCV)}}
@string{iccv={Proceedings of the IEEE International Conference on Computer Vision (ICCV)}}
@string{iclr={Proceedings of the International Conference on Learning Representations (ICLR)}}
@string{ijcv={International Journal of Computer Vision (IJCV)}}
@string{nips={Advances in Neural Information Processing Systems (NIPS)}}
@string{neurips={Advances in Neural Information Processing Systems (NeurIPS)}}
@string{tpami={IEEE Transactions on Pattern Analysis and Machine Intelligence (TPAMI)}}
@string{aaai={Proceedings of the AAAI Conference on Artificial Intelligence (AAAI)}}
@string{emnlp={Proceedings of the Conference on Empirical Methods in Natural Language Processing (EMNLP)}}
@string{sigir={ACM Conference on Research and Development in Information Retrieval (SIGIR)}}
@string{icip={Proceedings of the IEEE International Conference on Image Processing (ICIP)}}
@string{naacl={Proceedings of the Conference of the North American Chapter of the Association for Computational Linguistics (NAACL)}}
@string{acl={Proceedings of the Annual Meeting of the Association for Computational Linguistics (ACL Short Papers)}}
@string{trendcogsci={Trends in cognitive sciences}}
@string{pnas={Proceedings of the National Academy of Sciences}}
@string{corl={Annual Conference on Robot Learning}}
@string{accv={Asian Conference on Computer Vision}}
@string{uai={Conference on Uncertainty in Artificial Intelligence}}
@string{spl={IEEE Signal Processing Letters}}
@string{icann={International Conference on Artificial Neural Networks}}
@string{jmlr={Journal of Machine Learning Research}}

@article{2020DivNoising,
  title={DivNoising: Diversity Denoising with Fully Cnvolutional Variational Autoencoders},
  author={Prakash, Mangal and Alexander Krull and Jug, Florian},
  journal={arXiv preprint arXiv:2006.06072},
  year={2020}
}

@inproceedings{zhou2020w2s,
    title     = {{W2S}: Microscopy Data with Joint Denoising and Super-Resolution for Widefield to {SIM} Mapping},
    author    = {Zhou, Ruofan and El Helou, Majed and Sage, Daniel and Laroche, Thierry and Seitz, Arne and S{\"u}sstrunk, Sabine},
    booktitle = {ECCV},
    year      = {2020}
}

@article{wang2004image,
  title={Image quality assessment: from error visibility to structural similarity},
  author={Wang, Zhou and Bovik, Alan C and Sheikh, Hamid R and Simoncelli, Eero P},
  journal={IEEE transactions on image processing},
  volume={13},
  number={4},
  pages={600--612},
  year={2004},
  publisher={IEEE}
}

@article{lee2020noise2kernel,
  title={Noise2Kernel: Adaptive Self-Supervised Blind Denoising using a Dilated Convolutional Kernel Architecture},
  author={Lee, Kanggeun and Jeong, Won-Ki},
  journal={arXiv preprint arXiv:2012.03623},
  year={2020}
}

@inproceedings{broaddus2020removing,
  title={Removing Structured Noise with Self-Supervised Blind-Spot Networks},
  author={Broaddus, Coleman and Krull, Alexander and Weigert, Martin and Schmidt, Uwe and Myers, Gene},
  booktitle={2020 IEEE 17th International Symposium on Biomedical Imaging (ISBI)},
  pages={159--163},
  year={2020},
  organization={IEEE}
}

@inproceedings{goncharova2020,
  title={Improving Blind Spot Denoising for Microscopy},
  author={Goncharova, Anna S. and Honigmann, Alf and Jug, Florian and Krull, Alexander},
  booktitle={Proceedings of the European Conference on Computer Vision, Workshops},
  year={2020}
}
@article{batson2019noise2self,
  title={Noise2self: Blind denoising by self-supervision},
  author={Batson, Joshua and Royer, Loic},
  journal={arXiv preprint arXiv:1901.11365},
  year={2019}
}
@inproceedings{krull2018noise2void,
  title={Noise2void-learning denoising from single noisy images. 2019 IEEE},
  author={Krull, Alexander and Buchholz, Tim-Oliver and Jug, Florian},
  booktitle={CVF Conference on Computer Vision and Pattern Recognition (CVPR)},
  pages={2124--2132},
  year={2018}
}
@inproceedings{prakash2020fully,
  title={Fully unsupervised probabilistic noise2void},
  author={Prakash, Mangal and Lalit, Manan and Tomancak, Pavel and Krul, Alexander and Jug, Florian},
  booktitle={2020 IEEE 17th International Symposium on Biomedical Imaging (ISBI)},
  pages={154--158},
  year={2020},
  organization={IEEE}
}

@article{krull2019probabilistic,
  title={Probabilistic noise2void: Unsupervised content-aware denoising},
  author={Krull, Alexander and Vicar, Tomas and Jug, Florian},
  journal={arXiv preprint arXiv:1906.00651},
  year={2019}
}
@inproceedings{laine2019high,
  title={High-quality self-supervised deep image denoising},
  author={Laine, Samuli and Karras, Tero and Lehtinen, Jaakko and Aila, Timo},
  booktitle={Advances in Neural Information Processing Systems},
  pages={6970--6980},
  year={2019}
}
@article{kobayashi2020image,
  title={Image Deconvolution via Noise-Tolerant Self-Supervised Inversion},
  author={Kobayashi, Hirofumi and Solak, Ahmet Can and Batson, Joshua and Royer, Loic A},
  journal={arXiv preprint arXiv:2006.06156},
  year={2020}
}

@InProceedings{lehtinen2018noise2noise,
  title = {{N}oise2{N}oise: Learning Image Restoration without Clean Data},
  author = {Lehtinen, Jaakko and Munkberg, Jacob and Hasselgren, Jon and Laine, Samuli and Karras, Tero and Aittala, Miika and Aila, Timo},
  booktitle = {Proceedings of the 35th International Conference on Machine Learning},
  pages = {2965--2974},
  year = {2018},
  editor = {Jennifer Dy and Andreas Krause},
  volume = {80},
  series = {Proceedings of Machine Learning Research},
  address = {Stockholmsm√§ssan, Stockholm Sweden},
  month = {10--15 Jul},
  publisher = {PMLR},
  pdf = {http://proceedings.mlr.press/v80/lehtinen18a/lehtinen18a.pdf},
  url = {http://proceedings.mlr.press/v80/lehtinen18a.html},
}
@article{weigert2017content,
  title={Content-aware image restoration: Pushing the limits of fluorescence microscopy. bioRxiv},
  author={Weigert, Martin and Schmidt, Uwe and Boothe, Tobias and Andreas, M and Dibrov, Alexander and Jain, Akanksha and Wilhelm, Benjamin and Schmidt, Deborah and Broaddus, Coleman and Culley, Si{\^a}n and others},
  year={2017}
}
@inproceedings{ronneberger2015u,
  title={U-net: Convolutional networks for biomedical image segmentation},
  author={Ronneberger, Olaf and Fischer, Philipp and Brox, Thomas},
  booktitle={International Conference on Medical image computing and computer-assisted intervention},
  pages={234--241},
  year={2015},
  organization={Springer}
}
@inproceedings{yue2019variational,
title = {Variational Denoising Network: Toward Blind Noise Modeling and Removal},
author = {Yue, Zongsheng and Yong, Hongwei and Zhao, Qian and Meng, Deyu and Zhang, Lei},
booktitle={Advances in Neural Information Processing Systems},
year = {2019},
}
@article{zhang2017beyond,
  title={Beyond a gaussian denoiser: Residual learning of deep cnn for image denoising},
  author={Zhang, Kai and Zuo, Wangmeng and Chen, Yunjin and Meng, Deyu and Zhang, Lei},
  journal={IEEE transactions on image processing},
  volume={26},
  number={7},
  pages={3142--3155},
  year={2017},
  publisher={IEEE}
}
