@string{arxiv={arXiv preprint library}}
@string{bmvc={Proceedings of the British Machine Vision Conference (BMVC)}}
@string{cviu={Computer Vision and Image Understanding (CVIU)}}
@string{cvpr={Proceedings of the IEEE Conference on Computer Vision and Pattern Recognition (CVPR)}}
@string{eccv={Proceedings of the IEEE European Conference on Computer Vision (ECCV)}}
@string{iccv={Proceedings of the IEEE International Conference on Computer Vision (ICCV)}}
@string{iclr={Proceedings of the International Conference on Learning Representations (ICLR)}}
@string{ijcv={International Journal of Computer Vision (IJCV)}}
@string{nips={Advances in Neural Information Processing Systems (NIPS)}}
@string{neurips={Advances in Neural Information Processing Systems (NeurIPS)}}
@string{tpami={IEEE Transactions on Pattern Analysis and Machine Intelligence (TPAMI)}}
@string{aaai={Proceedings of the AAAI Conference on Artificial Intelligence (AAAI)}}
@string{emnlp={Proceedings of the Conference on Empirical Methods in Natural Language Processing (EMNLP)}}
@string{sigir={ACM Conference on Research and Development in Information Retrieval (SIGIR)}}
@string{icip={Proceedings of the IEEE International Conference on Image Processing (ICIP)}}
@string{naacl={Proceedings of the Conference of the North American Chapter of the Association for Computational Linguistics (NAACL)}}
@string{acl={Proceedings of the Annual Meeting of the Association for Computational Linguistics (ACL Short Papers)}}
@string{trendcogsci={Trends in cognitive sciences}}
@string{pnas={Proceedings of the National Academy of Sciences}}
@string{corl={Annual Conference on Robot Learning}}
@string{accv={Asian Conference on Computer Vision}}
@string{uai={Conference on Uncertainty in Artificial Intelligence}}
@string{spl={IEEE Signal Processing Letters}}
@string{icann={International Conference on Artificial Neural Networks}}
@string{jmlr={Journal of Machine Learning Research}}

% dummy citation at least one is needed. to be removed when we put more
@article{2020DivNoising,
  title={DivNoising: Diversity Denoising with Fully Convolutional Variational Autoencoders},
  author={Prakash, Mangal and Alexander Krull and Jug, Florian},
  journal={arXiv preprint arXiv:2006.06072},
  year={2020}
}
